<?xml version="1.0" encoding="UTF-8"?><record xmlns="http://www.loc.gov/MARC21/slim" xmlns:cinclude="http://apache.org/cocoon/include/1.0" xmlns:zs="http://www.loc.gov/zing/srw/">
  <leader>00706nz  a2200157n  4500</leader>
  <controlfield tag="001">no 91019950 </controlfield>
  <controlfield tag="003">DLC</controlfield>
  <controlfield tag="005">19910814053906.6</controlfield>
  <controlfield tag="008">910813n| acannaab|          aa ana      </controlfield>
  <datafield tag="010" ind1=" " ind2=" ">
    <subfield code="a">no 91019950 </subfield>
  </datafield>
  <datafield tag="040" ind1=" " ind2=" ">
    <subfield code="a">DLC-S</subfield>
    <subfield code="c">DLC-S</subfield>
  </datafield>
  <datafield tag="110" ind1="2" ind2="0">
    <subfield code="a">Institute on Cooperative Education</subfield>
  </datafield>
  <datafield tag="410" ind1="2" ind2="0">
    <subfield code="a">Cooperative Union of Canada.</subfield>
    <subfield code="b">Institute on Cooperative Education</subfield>
  </datafield>
  <datafield tag="410" ind1="2" ind2="0">
    <subfield code="a">Cooperative League of the U.S.A.</subfield>
    <subfield code="b">Institute on Cooperative Education</subfield>
  </datafield>
  <datafield tag="510" ind1="2" ind2="0">
    <subfield code="w">a</subfield>
    <subfield code="a">Institute on Cooperative Education and Organization</subfield>
  </datafield>
  <datafield tag="670" ind1=" " ind2=" ">
    <subfield code="a">Its Proceedings ..., June 25-28, 1961:</subfield>
    <subfield code="b">t.p. (Institute on Cooperative Education) cover (Institute on Cooperative Education; Cooperative League of the U.S.A. and the Cooperative Union of Canada)</subfield>
  </datafield>
</record>